@article{Pretorius:2004jg,
    author = "Pretorius, Frans",
    title = "{Numerical relativity using a generalized harmonic decomposition}",
    eprint = "gr-qc/0407110",
    archivePrefix = "arXiv",
    doi = "10.1088/0264-9381/22/2/014",
    journal = "Class. Quant. Grav.",
    volume = "22",
    pages = "425--452",
    year = "2005"
}

@article{Pretorius:2006tp,
    author = "Pretorius, Frans",
    title = "{Simulation of binary black hole spacetimes with a harmonic evolution scheme}",
    eprint = "gr-qc/0602115",
    archivePrefix = "arXiv",
    doi = "10.1088/0264-9381/23/16/S13",
    journal = "Class. Quant. Grav.",
    volume = "23",
    pages = "S529--S552",
    year = "2006"
}

@article{East:2020hgw,
    author = "East, William E. and Ripley, Justin L.",
    title = "{Evolution of Einstein-scalar-Gauss-Bonnet gravity using a modified harmonic formulation}",
    eprint = "2011.03547",
    archivePrefix = "arXiv",
    primaryClass = "gr-qc",
    doi = "10.1103/PhysRevD.103.044040",
    journal = "Phys. Rev. D",
    volume = "103",
    number = "4",
    pages = "044040",
    year = "2021"
}
